%----------------------------------------------------------------------
%Bibliografia

%Ejemplo de una cita, para despues leer las referencias/bibliografia
%\latexiie\ system~\cite{lamport}. Some of its features include a very

%----------------------------------------------------------------------
% The bibliography. This bibliography was generated using the following
% two lines:
%\bibliographystyle{IEEEbib}
%\bibliography{ieeecls}
% where, the contents of the ieeecls.bib file was:
%
%@book{lamport,
%        AUTHOR = "Leslie Lamport",
%         TITLE = "A Document Preparation System: {\LaTeX} User's Guide
%                  and Reference Manual",
%       EDITION = "Second",
%     PUBLISHER = "Addison-Wesley",
%       ADDRESS = "Reading, MA",
%          YEAR = 1994,
%          NOTE = "Be sure to get the updated version for \LaTeX2e!"
%}
%
%@book{goossens,
%        AUTHOR = "Michel Goossens and Frank Mittelbach and
%                  Alexander Samarin",
%         TITLE = "The {\LaTeX} Companion",
%     PUBLISHER = "Addison-Wesley",
%       ADDRESS = "Reading, MA",
%          YEAR = 1994,
%}
%
% The ieeecls.bbl file was manually included here to make the distribution
% of this paper easier. You need not do it for your own papers.

%----------------------------------------------------------------------
%http://texblog.org/2007/08/09/how-to-use-a-bibtex-file/
%http://texblog.org/2007/08/09/how-to-use-a-bibtex-file/
%http://ctan.mirrorcatalogs.com/macros/latex/contrib/biblatex/doc/biblatex.pdf
@manual{rfc3927,
    author = {S. Cheshire, B. Aboba y E. Guttman},
    title = {Dynamic Configuration of IPv4 Link-Local Addresses},
    publisher = {IETF},
    year = {2005},
    url = {http://tools.ietf.org/html/rfc3927}
}

@manual{rfc826,
    author = {David C. Plummer},
    title = {An Ethernet Address Resolution Protocol
                            -- or --
              Converting Network Protocol Addresses
                   to 48.bit Ethernet Address
                       for Transmission on
                        Ethernet Hardware},
    publisher = {IETF},
    year = {1982},
    url = {http://tools.ietf.org/html/rfc826}
}

@manual{rfc792,
    author = {Jon Postel},
    title = {Internet Control Message Protocol, DARPA Internet Program,
        Protocol Specification},
    publisher = {IETF},
    year = {1981},
    url = {https://tools.ietf.org/html/rfc792}
}

@techreport{rfc1323,
    AUTHOR = "{Van Jacobson, Bob Braden y Dave Borman}",
    TITLE = {TCP Extensions for High Performance},
    HOWPUBLISHED = {Internet Requests for Comments},
    TYPE= {RFC},
    NUMBER=1323,
    %PAGES = {},
    YEAR = {1992},
    MONTH = {May},
    %ISSN = {},
    PUBLISHER = {RFC-Editor},
    URL={http://tools.ietf.org/rfc/rfc1323.txt}
}

@techreport{rfc6298,
    AUTHOR = "{Mark Allman, Vern Paxson, H.K. Jerry Chu, Matt Sargent y Ethan Blanton}",
    TITLE = {Computing TCP's Retransmission Timer},
    HOWPUBLISHED = {Internet Requests for Comments},
    TYPE= {RFC},
    NUMBER=6298,
    %PAGES = {},
    YEAR = {2011},
    MONTH = {June},
    ISSN = {2070-1721},
    PUBLISHER = {RFC-Editor},
    URL={http://tools.ietf.org/rfc/rfc6298.txt}
}

@techreport{rfc5681,
    AUTHOR = "{Mark Allman, Vern Paxson y Ethan Blanton}",
    TITLE = {TCP Congestion Control},
    HOWPUBLISHED = {Internet Requests for Comments},
    TYPE= {RFC},
    NUMBER=5681,
    %PAGES = {},
    YEAR = {2009},
    MONTH = {September},
    %ISSN = {},
    PUBLISHER = {RFC-Editor},
    URL={http://tools.ietf.org/rfc/rfc5681.txt}
}

@techreport{rfc768,
    AUTHOR = {Jon Postel},
    TITLE = {User Datagram Protocol},
    HOWPUBLISHED = {Internet Requests for Comments},
    TYPE= {RFC},
    NUMBER=768,
    %PAGES = {},
    YEAR = {1980},
    MONTH = {August},
    %ISSN = {},
    PUBLISHER = {RFC-Editor},
    URL={http://tools.ietf.org/rfc/rfc768.txt}
}

@techreport{rfc675,
    AUTHOR = {Vinton Cerf y Yogen Dalal},
    TITLE = {Specification of Internet Transmission Control Program},
    HOWPUBLISHED = {Internet Requests for Comments},
    TYPE= {RFC},
    NUMBER=675,
    %PAGES = {},
    YEAR = {1974},
    MONTH = {December},
    %ISSN = {},
    PUBLISHER = {RFC-Editor},
    URL={http://tools.ietf.org/rfc/rfc675.txt}
}

@online{wireshark,
    url = {http://wiki.wireshark.org/Gratuitous_ARP}
}

@online{apipa,
    url = {http://wiki.wireshark.org/APIPA}
}

@online{routing,
    url = {http://en.wikipedia.org/wiki/Routing}
}

@online{hop,
    url = {http://en.wikipedia.org/wiki/Hop_(networking)}
}

@online{scapy,
    url = {http://www.secdev.org/projects/scapy/}
}

@online{python,
    url = {https://www.python.org/}
}

@online{csv,
    url = {http://en.wikipedia.org/wiki/Comma-separated_values}
}

@online{R,
    url = {http://www.r-project.org/}
}

@online{mcgill,
    url = {http://www.mcgill.ca/}
}

@online{helsinki,
    url = {http://www.helsinki.fi/university/}
}

@online{helsinkics,
    url = {http://cs.helsinki.fi}
}
@online{ptc,
    url = {https://github.com/lukius/ptc/wiki}
}

@online{karns_algorithm,
    url = {http://en.wikipedia.org/wiki/Karn%27s_algorithm}
}

@online{centos,
    url = {http://www.centos.org/about/}
}

@online{xen,
    url = {http://www.xenproject.org/}
}

@online{bsd,
    url = {http://www.bsd.org/}
}

@inproceedings{cdn,
    title = {Moving Beyond End-to-End Path Information to Optimize CDN Performance},
    author  = {Rupa Krishnan and Harsha V. Madhyastha and Sushant Jain and Sridhar Srinivasan and Arvind Krishnamurthy and Thomas Anderson and Jie Gao},
    year  = 2009,
    URL = {http://research.google.com/archive/imc191/imc191.pdf},
    booktitle = {Internet Measurement Conference (IMC)},
    pages = {190--201},
    address = {Chicago, IL}
}
