%----------------------------------------------------------------------
%Bibliografia

%Ejemplo de una cita, para despues leer las referencias/bibliografia
%\latexiie\ system~\cite{lamport}. Some of its features include a very

%----------------------------------------------------------------------
% The bibliography. This bibliography was generated using the following
% two lines:
%\bibliographystyle{IEEEbib}
%\bibliography{ieeecls}
% where, the contents of the ieeecls.bib file was:
%
%@book{lamport,
%        AUTHOR = "Leslie Lamport",
%         TITLE = "A Document Preparation System: {\LaTeX} User's Guide
%                  and Reference Manual",
%       EDITION = "Second",
%     PUBLISHER = "Addison-Wesley",
%       ADDRESS = "Reading, MA",
%          YEAR = 1994,
%          NOTE = "Be sure to get the updated version for \LaTeX2e!"
%}
%
%@book{goossens,
%        AUTHOR = "Michel Goossens and Frank Mittelbach and
%                  Alexander Samarin",
%         TITLE = "The {\LaTeX} Companion",
%     PUBLISHER = "Addison-Wesley",
%       ADDRESS = "Reading, MA",
%          YEAR = 1994,
%}
%
% The ieeecls.bbl file was manually included here to make the distribution
% of this paper easier. You need not do it for your own papers.

%----------------------------------------------------------------------
%http://texblog.org/2007/08/09/how-to-use-a-bibtex-file/
%http://texblog.org/2007/08/09/how-to-use-a-bibtex-file/
%http://ctan.mirrorcatalogs.com/macros/latex/contrib/biblatex/doc/biblatex.pdf
@manual{rfc3927,
	author = {S. Cheshire, B. Aboba y E. Guttman},
    title = {Dynamic Configuration of IPv4 Link-Local Addresses},
	publisher = {IETF},
	year = {2005},
    url = {http://tools.ietf.org/html/rfc3927}
}

@manual{rfc826,
	author = {David C. Plummer},
    title = {An Ethernet Address Resolution Protocol
                            -- or --
              Converting Network Protocol Addresses
                   to 48.bit Ethernet Address
                       for Transmission on
                        Ethernet Hardware},
	publisher = {IETF},
	year = {1982},
    url = {http://tools.ietf.org/html/rfc826}
}

@manual{rfc792,
	author = {Jon Postel},
    title = {Internet Control Message Protocol, DARPA Internet Program,
        Protocol Specification},
	publisher = {IETF},
	year = {1981},
    url = {https://tools.ietf.org/html/rfc792}
}

@online{wireshark,
    url = {http://wiki.wireshark.org/Gratuitous_ARP}
}

@online{apipa,
    url = {http://wiki.wireshark.org/APIPA}
}

@online{routing,
    url = {http://en.wikipedia.org/wiki/Routing}
}

@online{hop,
    url = {http://en.wikipedia.org/wiki/Hop_(networking)}
}

@online{scapy,
    url = {http://www.secdev.org/projects/scapy/}
}

@online{python,
    url = {https://www.python.org/}
}

@online{csv,
    url = {http://en.wikipedia.org/wiki/Comma-separated_values}
}

@online{R,
    url = {http://www.r-project.org/}
}

@online{mcgill,
    url = {http://www.mcgill.ca/}
}
